%Bibliography in bibtex format

@inproceedings{zhao2007graph,
  title={Graph indexing: tree + delta $>=$ graph},
  author={Zhao, Peixiang and Yu, Jeffrey Xu and Yu, Philip S},
  booktitle={Proceedings of the 33rd international conference on Very large data bases},
  pages={938--949},
  year={2007},
  organization={VLDB Endowment}
}

@article{clauset2004finding,
  title={Finding community structure in very large networks},
  author={Clauset, Aaron and Newman, Mark EJ and Moore, Cristopher},
  journal={Physical review E},
  volume={70},
  number={6},
  pages={066111},
  year={2004},
  publisher={APS}
}


@article{newman2006finding,
  title={Finding community structure in networks using the eigenvectors of matrices},
  author={Newman, Mark EJ},
  journal={Physical review E},
  volume={74},
  number={3},
  pages={036104},
  year={2006},
  publisher={APS}
}

@article{blondel2008fast,
  title={Fast unfolding of communities in large networks},
  author={Blondel, Vincent D and Guillaume, Jean-Loup and Lambiotte, Renaud and Lefebvre, Etienne},
  journal={Journal of statistical mechanics: theory and experiment},
  volume={2008},
  number={10},
  pages={P10008},
  year={2008},
  publisher={IOP Publishing}
}

@book{cover1991information,
 author = {Cover, Thomas M. and Thomas, Joy A.},
 title = {Elements of Information Theory},
 year = {1991},
 isbn = {0-471-06259-6},
 publisher = {Wiley-Interscience},
 address = {New York, NY, USA},
} 
[download]